@article{Baur2008,
  author       = {Nina Baur},
  title        = {Was kann die Soziologie methodisch von der Geschichtswissenschaft lernen?},
  journaltitle = {Historische Sozialforschung},
  year         = {2008},
  number       = {3},
  pages        = {217--248},
  pagetotal    = {33},
  pagination   = {page},
  langid       = {german}
}

@book{Borowsky1989,
  author      = {P. Borowsky and B. Vogel and H. Wunder},
  title       = {Einf{\"u}hrung in die Geschichtswissenschaft},
  series      = {Einf{\"u}hrung in die Geschichtswissenschaft},
  publisher   = {VS Verlag f{\"u}r Sozialwissenschaften},
  year        = {1989},
  isbn        = {978-3-531-21310-1},
  langid      = {german}
}

@inbook{Budde2008,
  author       = {Gunilla-Friederike Budde},
  title        = {Quellen, Quellen, Quellen ...},
  booktitle    = {Geschichte: Studium, Wissenschaft, Beruf},
  series       = {Akademie Studienb{\"u}cher, Geschichte},
  edition      = {2., überarbeitete Auflage},
  number       = {3104},
  publisher    = {Akademie-Verlag},
  address      = {Berlin},
  year         = {2008},
  isbn         = {978-3-05-004435-4},
  collaborator = {Gunilla-Friederike Budde and Dagmar Freist and Hilke G{\"u}nther-Arndt},
  langid       = {german}
}


@book{Eckert2019,
  author      = {Georg Eckert and Torsten Beigel},
  title       = {Historisch Arbeiten},
  publisher   = {Vandenhoeck \& Ruprecht},
  address     = {G{\"o}ttingen},
  year        = {2019},
  langid      = {german}
}


@book{Flick2011,
  author      = {Uwe Flick},
  title       = {Triangulation},
  subtitle    = {Eine Einführung},
  shorttitle  = {Triangulation},
  series      = {Qualitative Sozialforschung},
  edition     = {3. Auflage},
  volume      = {12},
  publisher   = {VS Verlag},
  address     = {Wiesbaden},
  year        = {2011},
  isbn        = {978-3-531-18125-7},
  langid      = {german}
}

@book{Jordan2018,
  author      = {Stefan Jordan},
  title       = {Theorien und Methoden der Geschichtswissenschaft},
  series      = {UTB Geschichte},
  edition     = {4., aktualisierte Auflage},
  number      = {3104},
  publisher   = {Ferdinand Sch{\"o}ningh},
  address     = {Paderborn},
  year        = {2018},
  isbn        = {978-3-8252-5005-8},
  langid      = {german}
}


@book{Hannleber1967,
  title       = {Die politische und fachliche Schulungsarbeit für die allseitige Stärkung der Deutschen Volkspolizei als Schutz- und Sicherheitsorgan der Arbeiter-und-Bauern-Macht (1952–1955)},
  author      = {Hannleber, Peter},
  year        = {1967},
  keywords    = {Schulungsarbeit, Deutsche Volkspolizei, DDR, Sicherheitsorgan}
}

@book{Hussy2013,
  author      = {Walter Hussy and Margrit Schreier and Gerald Echterhoff},
  title       = {Forschungsmethoden in Psychologie und Sozialwissenschaften für Bachelor: mit 54 Abbildungen und 23 Tabellen},
  shorttitle  = {Forschungsmethoden in Psychologie und Sozialwissenschaften für Bachelor},
  series      = {Springer-Lehrbuch},
  edition     = {2. Auflage},
  volume      = {12},
  publisher   = {Springer},
  address     = {Berlin Heidelberg},
  year        = {2013},
  isbn        = {978-3-642-34361-2},
  doi         = {10.1007/978-3-642-34362-9},
  langid      = {german}
}

@book{Kirn1959,
  author      = {Paul Kirn},
  title       = {Einf{\"u}hrung in die Geschichtswissenschaft},
  publisher   = {Walter de Guyter \& Co.},
  address     = {Berlin},
  year        = {1959},
  langid      = {german}
}


@book{Kuckartz2022,
  title       = {Qualitative Inhaltsanalyse},
  subtitle	  = {Methoden, Praxis, Computerunterstützung},
  author      = {Kuckartz, Udo and Rädiker, Stefan},
  year        = {2022},
  edition     = {5. Auflage},
  publisher   = {Beltz Juventa},
  location    = {Weinheim und Basel},
  series      = {Grundlagentexte Methoden},
  isbn        = {978-3-7799-5533-7},
  keywords    = {Qualitative Inhaltsanalyse, Methodik}
  }

@incollection{Lindenberger1999,
  author    = {Thomas Lindenberger},
  title     = {Die Diktatur der Grenzen},
  subtitle  = {Zur Einleitung},
  booktitle = {Herrschaft und Eigen-Sinn in der Diktatur: Studien zur Gesellschaftsgeschichte der DDR},
  editor    = {Thomas Lindenberger},
  publisher = {B{\"o}hlau},
  address   = {K{\"o}ln},
  year      = {1999}
}